
@article{lloyd_2-sample_2013,
	title = {2-{Sample} t-{Distribution} {Approximation}},
	volume = {31},
	language = {en},
	journal = {Academic Forum},
	author = {Lloyd, Michael},
	year = {2013},
	pages = {23--30},
}

@article{satterthwaite_approximate_1946,
	title = {An {Approximate} {Distribution} of {Estimates} of {Variance} {Components}},
	volume = {2},
	issn = {00994987},
	doi = {10.2307/3002019},
	number = {6},
	urldate = {2024-06-26},
	journal = {Biometrics Bulletin},
	author = {Satterthwaite, F. E.},
	month = dec,
	year = {1946},
	pages = {110},
}

@article{welch_generalization_1947,
	title = {The {Generalization} of `{Student}'s' {Problem} when {Several} {Different} {Population} {Variances} are {Involved}},
	volume = {34},
	issn = {00063444},
	doi = {10.2307/2332510},
	number = {1/2},
	urldate = {2024-06-26},
	journal = {Biometrika},
	author = {Welch, B. L.},
	month = jan,
	year = {1947},
	pages = {28},
}
